@article{von1993first,
  title={First Draft of a Report on the EDVAC},
  author={Von Neumann, John},
  journal={IEEE Annals of the History of Computing},
  volume={15},
  number={4},
  pages={27--75},
  year={1993},
  publisher={IEEE}
}

@inproceedings{kocher2019spectre,
  title={Spectre attacks: Exploiting speculative execution},
  author={Kocher, Paul and Horn, Jann and Fogh, Anders and Genkin, Daniel and Gruss, Daniel and Haas, Werner and Hamburg, Mike and Lipp, Moritz and Mangard, Stefan and Prescher, Thomas and others},
  booktitle={2019 IEEE Symposium on Security and Privacy (SP)},
  pages={1--19},
  year={2019},
  organization={IEEE}
}

@inproceedings{lipp2018meltdown,
  title={Meltdown: Reading kernel memory from user space},
  author={Lipp, Moritz and Schwarz, Michael and Gruss, Daniel and Prescher, Thomas and Haas, Werner and Fogh, Anders and Horn, Jann and Mangard, Stefan and Kocher, Paul and Genkin, Daniel and others},
  booktitle={27th $\{$USENIX$\}$ Security Symposium ($\{$USENIX$\}$ Security 18)},
  pages={973--990},
  year={2018}
}

@inproceedings{yu2019speculative,
  title={Speculative taint tracking (stt) a comprehensive protection for speculatively accessed data},
  author={Yu, Jiyong and Yan, Mengjia and Khyzha, Artem and Morrison, Adam and Torrellas, Josep and Fletcher, Christopher W},
  booktitle={Proceedings of the 52nd Annual IEEE/ACM International Symposium on Microarchitecture},
  pages={954--968},
  year={2019}
}
